@Book{michael2014uberveillance,
	author = {Michael, M. G.},
	title = {Uberveillance and the social implications of microchip implants : emerging technologies},
	publisher = {Information Science Reference},
	year = {2014},
	address = {Hershey, PA},
	isbn = {978-1466645820}
}

@inproceedings{david1965some,
	title={Some thoughts about the social implications of accessible computing},
	author={David Jr, Edward E and Fano, Robert M},
	booktitle={Proceedings of the November 30--December 1, 1965, fall joint computer conference, part I},
	pages={243--247},
	year={1965}
}

@Book{snowden2019pamiec,
	author = {Snowden, Edward},
	title = {Pamięć nieulotna},
	publisher = {Insignis},
	year = {2019},
	address = {Kraków},
	isbn = {978-83-66360-15-0}
}

@article{kosinski2013private,
	title={Private traits and attributes are predictable from digital records of human behavior},
	author={Kosinski, Michal and Stillwell, David and Graepel, Thore},
	journal={Proceedings of the national academy of sciences},
	volume={110},
	number={15},
	pages={5802--5805},
	year={2013},
	publisher={National Acad Sciences}
}

@article{schneier2006eternal,
	title={The eternal value of privacy},
	author={Schneier, Bruce},
	journal={Comment on Wired. com, May},
	year={2006}
}

@inproceedings{eckersley2010unique,
	title={How unique is your web browser?},
	author={Eckersley, Peter},
	booktitle={International Symposium on Privacy Enhancing Technologies Symposium},
	pages={1--18},
	year={2010},
	organization={Springer}
}

@article{flood2012browser,
	title={Browser fingerprinting},
	author={Flood, Erik and Karlsson, Joel},
	year={2012},
	publisher={Chalmers University of Technology}
}

@Book{jun2019the,
	author = {Jun, },
	title = {The beauty of mathematics in computer science},
	publisher = {CRC Press, Taylor \& Francis Group},
	year = {2019},
	address = {Boca Raton, FL},
	isbn = {978-1-138-04967-3}
}
